%YAML 1.1
%TAG !u! tag:unity3d.com,2011:
--- !u!1001 &100100000
Prefab:
  m_ObjectHideFlags: 1
  serializedVersion: 2
  m_Modification:
    m_TransformParent: {fileID: 0}
    m_Modifications: []
    m_RemovedComponents: []
  m_ParentPrefab: {fileID: 0}
  m_RootGameObject: {fileID: 1189126266339870}
  m_IsPrefabParent: 1
--- !u!1 &1189126266339870
GameObject:
  m_ObjectHideFlags: 0
  m_PrefabParentObject: {fileID: 0}
  m_PrefabInternal: {fileID: 100100000}
  serializedVersion: 5
  m_Component:
  - component: {fileID: 4203532580712850}
  - component: {fileID: 212504328918063600}
  - component: {fileID: 114118768559986550}
  - component: {fileID: 114609963131085564}
  - component: {fileID: 50771904714859168}
  - component: {fileID: 60606200551839812}
  m_Layer: 0
  m_Name: BossPlane
  m_TagString: Untagged
  m_Icon: {fileID: 0}
  m_NavMeshLayer: 0
  m_StaticEditorFlags: 0
  m_IsActive: 1
--- !u!4 &4203532580712850
Transform:
  m_ObjectHideFlags: 1
  m_PrefabParentObject: {fileID: 0}
  m_PrefabInternal: {fileID: 100100000}
  m_GameObject: {fileID: 1189126266339870}
  m_LocalRotation: {x: 0, y: 0, z: 0, w: 1}
  m_LocalPosition: {x: -0.01, y: 3.59, z: 0}
  m_LocalScale: {x: 0.21037869, y: 0.21037869, z: 0.21037869}
  m_Children: []
  m_Father: {fileID: 0}
  m_RootOrder: 0
  m_LocalEulerAnglesHint: {x: 0, y: 0, z: 0}
--- !u!50 &50771904714859168
Rigidbody2D:
  serializedVersion: 4
  m_ObjectHideFlags: 1
  m_PrefabParentObject: {fileID: 0}
  m_PrefabInternal: {fileID: 100100000}
  m_GameObject: {fileID: 1189126266339870}
  m_BodyType: 1
  m_Simulated: 1
  m_UseFullKinematicContacts: 0
  m_UseAutoMass: 0
  m_Mass: 1
  m_LinearDrag: 0
  m_AngularDrag: 0.05
  m_GravityScale: 1
  m_Material: {fileID: 0}
  m_Interpolate: 0
  m_SleepingMode: 1
  m_CollisionDetection: 0
  m_Constraints: 0
--- !u!60 &60606200551839812
PolygonCollider2D:
  m_ObjectHideFlags: 1
  m_PrefabParentObject: {fileID: 0}
  m_PrefabInternal: {fileID: 100100000}
  m_GameObject: {fileID: 1189126266339870}
  m_Enabled: 1
  m_Density: 1
  m_Material: {fileID: 0}
  m_IsTrigger: 1
  m_UsedByEffector: 0
  m_UsedByComposite: 0
  m_Offset: {x: 0, y: 0}
  m_SpriteTilingProperty:
    border: {x: 0, y: 0, z: 0, w: 0}
    pivot: {x: 0.5, y: 0.5}
    oldSize: {x: 12.4, y: 11.99}
    newSize: {x: 12.4, y: 11.99}
    adaptiveTilingThreshold: 0.5
    drawMode: 0
    adaptiveTiling: 0
  m_AutoTiling: 0
  m_Points:
    m_Paths:
    - - {x: 0.32999998, y: -5.475}
      - {x: 0.39999998, y: -5.2349997}
      - {x: 0.48, y: -4.895}
      - {x: 0.5, y: -4.805}
      - {x: 0.57, y: -4.435}
      - {x: 0.62, y: -4.125}
      - {x: 0.65, y: -3.925}
      - {x: 0.68, y: -3.705}
      - {x: 0.71999997, y: -3.395}
      - {x: 0.76, y: -3.0449998}
      - {x: 0.77, y: -2.945}
      - {x: 0.78999996, y: -2.7549999}
      - {x: 0.79999995, y: -2.645}
      - {x: 0.9, y: -2.5449998}
      - {x: 0.91999996, y: -2.5449998}
      - {x: 1.01, y: -2.5049999}
      - {x: 1.63, y: -2.225}
      - {x: 1.6899999, y: -2.215}
      - {x: 1.66, y: -2.365}
      - {x: 1.66, y: -2.735}
      - {x: 1.67, y: -2.885}
      - {x: 1.6899999, y: -3.0349998}
      - {x: 1.7099999, y: -3.145}
      - {x: 1.75, y: -3.3049998}
      - {x: 1.41, y: -3.3049998}
      - {x: 1.39, y: -3.3249998}
      - {x: 1.39, y: -3.405}
      - {x: 1.41, y: -3.425}
      - {x: 1.8, y: -3.465}
      - {x: 1.81, y: -3.495}
      - {x: 1.86, y: -3.605}
      - {x: 2.28, y: -3.605}
      - {x: 2.3, y: -3.595}
      - {x: 2.3799999, y: -3.435}
      - {x: 2.71, y: -3.425}
      - {x: 2.73, y: -3.405}
      - {x: 2.73, y: -3.3249998}
      - {x: 2.71, y: -3.3049998}
      - {x: 2.3999999, y: -3.3049998}
      - {x: 2.4199998, y: -3.235}
      - {x: 2.44, y: -3.135}
      - {x: 2.48, y: -2.885}
      - {x: 2.49, y: -2.8049998}
      - {x: 2.51, y: -2.615}
      - {x: 2.52, y: -2.5049999}
      - {x: 2.53, y: -2.385}
      - {x: 2.54, y: -2.235}
      - {x: 2.55, y: -2.0449998}
      - {x: 2.57, y: -1.885}
      - {x: 2.62, y: -1.865}
      - {x: 2.73, y: -1.8249999}
      - {x: 3.29, y: -1.615}
      - {x: 4.62, y: -1.115}
      - {x: 5.87, y: -0.645}
      - {x: 5.97, y: -0.60499996}
      - {x: 6.0899997, y: -0.565}
      - {x: 6.14, y: -0.525}
      - {x: 6.2, y: -0.33499998}
      - {x: 6.2, y: 0.074999996}
      - {x: 6.18, y: 0.16499999}
      - {x: 6.14, y: 0.285}
      - {x: 6.06, y: 0.45499998}
      - {x: 5.98, y: 0.565}
      - {x: 5.85, y: 0.555}
      - {x: 5.04, y: 0.435}
      - {x: 4.96, y: 0.42499998}
      - {x: 4.89, y: 0.415}
      - {x: 4.81, y: 0.405}
      - {x: 4.67, y: 0.385}
      - {x: 4.5899997, y: 0.375}
      - {x: 4.52, y: 0.36499998}
      - {x: 4.44, y: 0.355}
      - {x: 4.37, y: 0.345}
      - {x: 4.29, y: 0.33499998}
      - {x: 4.22, y: 0.325}
      - {x: 4.14, y: 0.315}
      - {x: 4, y: 0.295}
      - {x: 3.9199998, y: 0.285}
      - {x: 3.85, y: 0.275}
      - {x: 3.77, y: 0.265}
      - {x: 3.6999998, y: 0.255}
      - {x: 3.62, y: 0.24499999}
      - {x: 3.55, y: 0.235}
      - {x: 3.47, y: 0.225}
      - {x: 3.33, y: 0.205}
      - {x: 3.25, y: 0.195}
      - {x: 3.1799998, y: 0.185}
      - {x: 3.1, y: 0.175}
      - {x: 3.03, y: 0.16499999}
      - {x: 2.95, y: 0.155}
      - {x: 2.8799999, y: 0.145}
      - {x: 2.8, y: 0.13499999}
      - {x: 2.73, y: 0.125}
      - {x: 2.58, y: 0.105}
      - {x: 2.48, y: 0.085}
      - {x: 2.48, y: 0.42499998}
      - {x: 2.4299998, y: 0.53499997}
      - {x: 2.33, y: 0.745}
      - {x: 2.3, y: 0.765}
      - {x: 2.25, y: 0.765}
      - {x: 2.23, y: 0.755}
      - {x: 1.8199999, y: 0.755}
      - {x: 1.77, y: 0.66499996}
      - {x: 1.7199999, y: 0.525}
      - {x: 1.67, y: 0.405}
      - {x: 1.67, y: 0.105}
      - {x: 1.54, y: 0.16499999}
      - {x: 1.4699999, y: 0.175}
      - {x: 0.98999995, y: 0.33499998}
      - {x: 0.88, y: 0.375}
      - {x: 0.81, y: 0.39499998}
      - {x: 0.79999995, y: 0.615}
      - {x: 0.78, y: 0.79499996}
      - {x: 0.72999996, y: 1.2049999}
      - {x: 0.65999997, y: 1.745}
      - {x: 0.59999996, y: 2.185}
      - {x: 0.56, y: 2.475}
      - {x: 0.37, y: 3.8049998}
      - {x: 0.29, y: 4.355}
      - {x: 0.26999998, y: 4.485}
      - {x: 0.59, y: 4.6749997}
      - {x: 1.04, y: 4.935}
      - {x: 1.52, y: 5.2149997}
      - {x: 1.8299999, y: 5.395}
      - {x: 1.88, y: 5.4449997}
      - {x: 1.88, y: 5.9849997}
      - {x: 1.87, y: 5.995}
      - {x: 0.19999999, y: 5.995}
      - {x: 0, y: 5.795}
      - {x: -0.19999999, y: 5.995}
      - {x: -1.87, y: 5.995}
      - {x: -1.88, y: 5.9849997}
      - {x: -1.88, y: 5.4449997}
      - {x: -1.86, y: 5.415}
      - {x: -1.78, y: 5.365}
      - {x: -1.04, y: 4.935}
      - {x: -0.72999996, y: 4.755}
      - {x: -0.53999996, y: 4.645}
      - {x: -0.26999998, y: 4.485}
      - {x: -0.29999998, y: 4.285}
      - {x: -0.34, y: 4.005}
      - {x: -0.35999998, y: 3.875}
      - {x: -0.56, y: 2.475}
      - {x: -0.65999997, y: 1.745}
      - {x: -0.71999997, y: 1.285}
      - {x: -0.76, y: 0.965}
      - {x: -0.78999996, y: 0.705}
      - {x: -0.81, y: 0.505}
      - {x: -0.84999996, y: 0.385}
      - {x: -0.88, y: 0.375}
      - {x: -1.62, y: 0.125}
      - {x: -1.68, y: 0.105}
      - {x: -1.67, y: 0.285}
      - {x: -1.67, y: 0.405}
      - {x: -1.7199999, y: 0.525}
      - {x: -1.78, y: 0.66499996}
      - {x: -1.8199999, y: 0.745}
      - {x: -1.93, y: 0.755}
      - {x: -2.24, y: 0.755}
      - {x: -2.25, y: 0.765}
      - {x: -2.3, y: 0.765}
      - {x: -2.33, y: 0.745}
      - {x: -2.4299998, y: 0.53499997}
      - {x: -2.48, y: 0.42499998}
      - {x: -2.51, y: 0.095}
      - {x: -2.58, y: 0.105}
      - {x: -2.8, y: 0.13499999}
      - {x: -3.1, y: 0.175}
      - {x: -3.47, y: 0.225}
      - {x: -3.77, y: 0.265}
      - {x: -4.14, y: 0.315}
      - {x: -5.48, y: 0.49499997}
      - {x: -5.93, y: 0.555}
      - {x: -5.97, y: 0.555}
      - {x: -6.0699997, y: 0.45499998}
      - {x: -6.18, y: 0.205}
      - {x: -6.19, y: 0.114999995}
      - {x: -6.2, y: 0.055}
      - {x: -6.2, y: -0.275}
      - {x: -6.19, y: -0.33499998}
      - {x: -6.16, y: -0.49499997}
      - {x: -6.1099997, y: -0.555}
      - {x: -4.75, y: -1.0649999}
      - {x: -4.62, y: -1.115}
      - {x: -3.4199998, y: -1.5649999}
      - {x: -3.29, y: -1.615}
      - {x: -2.6499999, y: -1.8549999}
      - {x: -2.55, y: -1.895}
      - {x: -2.55, y: -2.0449998}
      - {x: -2.54, y: -2.235}
      - {x: -2.53, y: -2.385}
      - {x: -2.52, y: -2.5049999}
      - {x: -2.5, y: -2.715}
      - {x: -2.48, y: -2.885}
      - {x: -2.46, y: -3.0149999}
      - {x: -2.4299998, y: -3.195}
      - {x: -2.4099998, y: -3.3049998}
      - {x: -2.76, y: -3.3049998}
      - {x: -2.78, y: -3.3249998}
      - {x: -2.78, y: -3.405}
      - {x: -2.76, y: -3.425}
      - {x: -2.3799999, y: -3.425}
      - {x: -2.29, y: -3.605}
      - {x: -1.87, y: -3.605}
      - {x: -1.8499999, y: -3.585}
      - {x: -1.81, y: -3.495}
      - {x: -1.79, y: -3.425}
      - {x: -1.4599999, y: -3.425}
      - {x: -1.4399999, y: -3.405}
      - {x: -1.4399999, y: -3.3249998}
      - {x: -1.4599999, y: -3.3049998}
      - {x: -1.7199999, y: -3.195}
      - {x: -1.6999999, y: -3.095}
      - {x: -1.68, y: -2.965}
      - {x: -1.67, y: -2.875}
      - {x: -1.66, y: -2.735}
      - {x: -1.66, y: -2.5149999}
      - {x: -1.67, y: -2.365}
      - {x: -1.6899999, y: -2.215}
      - {x: -1.63, y: -2.225}
      - {x: -1.52, y: -2.2749999}
      - {x: -1.3199999, y: -2.365}
      - {x: -1.23, y: -2.405}
      - {x: -1.01, y: -2.5049999}
      - {x: -0.91999996, y: -2.5449998}
      - {x: -0.79999995, y: -2.605}
      - {x: -0.79999995, y: -2.645}
      - {x: -0.78999996, y: -2.7549999}
      - {x: -0.77, y: -2.955}
      - {x: -0.74, y: -3.225}
      - {x: -0.69, y: -3.635}
      - {x: -0.65, y: -3.925}
      - {x: -0.59, y: -4.315}
      - {x: -0.57, y: -4.435}
      - {x: -0.55, y: -4.545}
      - {x: -0.51, y: -4.755}
      - {x: -0.45, y: -5.045}
      - {x: -0.42999998, y: -5.125}
      - {x: -0.35999998, y: -5.4249997}
      - {x: -0.32999998, y: -5.4849997}
      - {x: -0.26999998, y: -5.645}
      - {x: -0.14, y: -5.915}
      - {x: -0.049999997, y: -5.995}
      - {x: 0.049999997, y: -5.995}
      - {x: 0.16, y: -5.875}
      - {x: 0.24, y: -5.7149997}
      - {x: 0.31, y: -5.535}
--- !u!114 &114118768559986550
MonoBehaviour:
  m_ObjectHideFlags: 1
  m_PrefabParentObject: {fileID: 0}
  m_PrefabInternal: {fileID: 100100000}
  m_GameObject: {fileID: 1189126266339870}
  m_Enabled: 1
  m_EditorHideFlags: 0
  m_Script: {fileID: 11500000, guid: a3869d64c117d6e4692cbc3c141614ab, type: 3}
  m_Name: 
  m_EditorClassIdentifier: 
  speed: 1
--- !u!114 &114609963131085564
MonoBehaviour:
  m_ObjectHideFlags: 1
  m_PrefabParentObject: {fileID: 0}
  m_PrefabInternal: {fileID: 100100000}
  m_GameObject: {fileID: 1189126266339870}
  m_Enabled: 1
  m_EditorHideFlags: 0
  m_Script: {fileID: 11500000, guid: 5526ee308c841fa4e9850dc287127785, type: 3}
  m_Name: 
  m_EditorClassIdentifier: 
  effect: {fileID: 1408878288749570, guid: ca35755af0e675d4abbb957cdfa8087c, type: 2}
  health: 5
--- !u!212 &212504328918063600
SpriteRenderer:
  m_ObjectHideFlags: 1
  m_PrefabParentObject: {fileID: 0}
  m_PrefabInternal: {fileID: 100100000}
  m_GameObject: {fileID: 1189126266339870}
  m_Enabled: 1
  m_CastShadows: 0
  m_ReceiveShadows: 0
  m_DynamicOccludee: 1
  m_MotionVectors: 1
  m_LightProbeUsage: 1
  m_ReflectionProbeUsage: 1
  m_RenderingLayerMask: 4294967295
  m_Materials:
  - {fileID: 10754, guid: 0000000000000000f000000000000000, type: 0}
  m_StaticBatchInfo:
    firstSubMesh: 0
    subMeshCount: 0
  m_StaticBatchRoot: {fileID: 0}
  m_ProbeAnchor: {fileID: 0}
  m_LightProbeVolumeOverride: {fileID: 0}
  m_ScaleInLightmap: 1
  m_PreserveUVs: 0
  m_IgnoreNormalsForChartDetection: 0
  m_ImportantGI: 0
  m_StitchLightmapSeams: 0
  m_SelectedEditorRenderState: 0
  m_MinimumChartSize: 4
  m_AutoUVMaxDistance: 0.5
  m_AutoUVMaxAngle: 89
  m_LightmapParameters: {fileID: 0}
  m_SortingLayerID: 1537296597
  m_SortingLayer: 1
  m_SortingOrder: 0
  m_Sprite: {fileID: 21300000, guid: 4a6cd5649e5567545a0562934daf9f5e, type: 3}
  m_Color: {r: 1, g: 1, b: 1, a: 1}
  m_FlipX: 0
  m_FlipY: 0
  m_DrawMode: 0
  m_Size: {x: 12.4, y: 11.99}
  m_AdaptiveModeThreshold: 0.5
  m_SpriteTileMode: 0
  m_WasSpriteAssigned: 1
  m_MaskInteraction: 0
